@article{fisher2001,
author = {Fisher, N I and Switzer, P},
file = {:W$\backslash$:/Documents/Research/Conferences/SPAT2015/SpatialStatisticsSpecialIssue/FisherSwitzer2001{\_}GraphicalAssessmentofIndependence.pdf:pdf},
journal = {The American Statistician},
keywords = {chi-plot,copula,nonparamnetric},
number = {3},
pages = {233--239},
title = {{Graphical assessment of dependence: Is a picture worth 100 tests?}},
volume = {55},
year = {2001}
}

@article{wallis2014,
archivePrefix = {arXiv},
arxivId = {arXiv:1405.4995v1},
author = {Wallis, Kenneth F.},
doi = {10.1214/13-STS417},
eprint = {arXiv:1405.4995v1},
file = {:W$\backslash$:/Documents/Research/Conferences/SPAT2015/SpatialStatisticsSpecialIssue/Wallis2014{\_}TwoPieceNormalDistribution.pdf:pdf},
issn = {0883-4237},
journal = {Statistical Science},
keywords = {Gustav Theodor Fechner, Gottlob Friedrich Lipps, F,and phrases,francis galton,francis ysidro edgeworth,gottlob friedrich,gustav theodor fechner,karl pearson,lipps,oscar},
number = {1},
pages = {106--112},
title = {{The Two-Piece Normal, Binormal, or Double Gaussian Distribution: Its Origin and Rediscoveries}},
url = {http://projecteuclid.org/euclid.ss/1399645739},
volume = {29},
year = {2014}
}

@techreport{bentley2004,
author = {Bentley, N and Davies, C R},
booktitle = {Assessment},
file = {:W$\backslash$:/Documents/Research/Conferences/SPAT2015/SpatialStatisticsSpecialIssue/Bentley2004{\_}EvaluatingSpatialClosures.pdf:pdf},
number = {April},
pages = {2--25},
title = {{A framework for evaluating spatial closures as a fisheries management tool}},
volume = {2004/25},
year = {2004}
}

@techreport{bentley2004a,
author = {Bentley, Nokome and Davies, Nick M and McNeill, Sally E},
booktitle = {New Zealand Fisheries Assessment Report},
file = {:W$\backslash$:/Documents/Research/Conferences/SPAT2015/SpatialStatisticsSpecialIssue/Bentley2004b{\_}SpatiallyExplicitSnapperModel.pdf:pdf},
number = {April},
pages = {64p},
title = {{A spatially explicit model of the snapper (Pagrus auratus) fishery in SNA 1}},
volume = {2004/26},
year = {2004}
}


@article{brodziak2013,
author = {Brodziak, Jon and Walsh, William A. and Hilborn, Ray},
doi = {10.1139/cjfas-2013-0111},
file = {:W$\backslash$:/Documents/Research/Conferences/SPAT2015/SpatialStatisticsSpecialIssue/Brodziak2013{\_}ZeroCatchModelSelectionMultimodelInfeBycatch.pdf:pdf},
isbn = {0706-652X},
issn = {0706-652X},
journal = {Canadian Journal of Fisheries and Aquatic Sciences},
number = {12},
pages = {1723--1740},
title = {{Model selection and multimodel inference for standardizing catch rates of bycatch species: a case study of oceanic whitetip shark in the Hawaii-based longline fishery}},
url = {http://www.nrcresearchpress.com/doi/abs/10.1139/cjfas-2013-0111},
volume = {70},
year = {2013}
}
@article{chakraborty2010,
author = {Chakraborty, Avishek and Gelfand, Alan E. and Wilson, Adam M. and Latimer, Andrew M. and {Silander, Jr.}, John A.},
doi = {10.1214/10-AOAS335},
file = {:W$\backslash$:/Documents/Research/Conferences/SPAT2015/SpatialStatisticsSpecialIssue/Chakraborty2010AnnalsofStatistics{\_}ModelingLargeScaleSpeciesAbundance.pdf:pdf},
issn = {1932-6157},
journal = {The Annals of Applied Statistics},
keywords = {Conditional autoregressive prior,Latent variables,Misalignment,Ordinal categorical data,Parallel computing},
month = {sep},
number = {3},
pages = {1403--1429},
title = {{Modeling large scale species abundance with latent spatial processes}},
url = {http://www.scopus.com/inward/record.url?eid=2-s2.0-80053389161{\&}partnerID=tZOtx3y1},
volume = {4},
year = {2010}
}

@article{genest2007,
author = {Genest, Christian and Favre, Anne-Catherine},
doi = {10.1061/(ASCE)1084-0699(2007)12:4(347)},
file = {:W$\backslash$:/Documents/Research/Conferences/SPAT2015/SpatialStatisticsSpecialIssue/GenestFavre2007{\_}Everythingaboutcopulamodelling.pdf:pdf},
issn = {1084-0699},
journal = {Journal of Hydrologic Engineering},
number = {4},
pages = {347--368},
title = {{Everything You Always Wanted to Know about Copula Modeling but Were Afraid to Ask}},
volume = {12},
year = {2007}
}

@article{henry2010,
author = {Henry, Micka{\"{e}}l and Cosson, Jean Fran{\c{c}}ois and Pons, Jean Marc},
doi = {10.1016/j.ecolmodel.2010.05.011},
issn = {03043800},
journal = {Ecological Modelling},
keywords = {Bats,Forest fragmentation,Functional diversity,Higher taxa diversity,Landscape analysis,Model selection},
month = {aug},
number = {17},
pages = {2018--2027},
title = {{Modelling multi-scale spatial variation in species richness from abundance data in a complex neotropical bat assemblage}},
url = {http://www.scopus.com/inward/record.url?eid=2-s2.0-77954539148{\&}partnerID=tZOtx3y1},
volume = {221},
year = {2010}
}

@article{huntley2012,
author = {Huntley, Brian and Altwegg, Res and Barnard, Phoebe and Collingham, Yvonne C. and Hole, David G.},
doi = {10.1111/j.1466-8238.2011.00701.x},
issn = {1466822X},
journal = {Global Ecology and Biogeography},
keywords = {Biodiversity conservation,Bird survey data,Birds,Climatic change,Endemic species,Quantitative response surfaces,Reporting rates,Southern Africa},
month = {jun},
number = {6},
pages = {668--681},
title = {{Modelling relationships between species spatial abundance patterns and climate}},
url = {http://www.scopus.com/inward/record.url?eid=2-s2.0-84860841152{\&}partnerID=tZOtx3y1},
volume = {21},
year = {2012}
}

@article{huntley2012a,
author = {Huntley, Brian and Altwegg, Res and Barnard, Phoebe and Collingham, Yvonne C. and Hole, David G.},
doi = {10.1111/j.1466-8238.2011.00701.x},
file = {:W$\backslash$:/Documents/Research/Conferences/SPAT2015/SpatialStatisticsSpecialIssue/Huntley{\_}et{\_}al-2012-Global{\_}Ecology{\_}and{\_}Biogeography.pdf:pdf},
issn = {1466822X},
journal = {Global Ecology and Biogeography},
keywords = {biodiversity conservation,bird survey data,birds,climatic change,endemic,quantitative response surfaces,reporting rates,southern africa,species},
number = {6},
pages = {668--681},
title = {{Modelling relationships between species spatial abundance patterns and climate}},
url = {http://doi.wiley.com/10.1111/j.1466-8238.2011.00701.x},
volume = {21},
year = {2012}
}

@article{khaemba2001,
author = {Khaemba, Wilson M. and Stein, Alfred},
doi = {10.1023/A:1012782402914},
issn = {13528505},
journal = {Environmental and Ecological Statistics},
keywords = {Abundance estimation,Distribution modeling,Diversity measurement,MCMC methods,Masai Mara ecosystem,Space-time analysis},
number = {4},
pages = {345--360},
title = {{Spatial statistics for modeling of abundance and distribution of wildlife species in the Masai Mara ecosystem, Kenya}},
url = {http://www.scopus.com/inward/record.url?eid=2-s2.0-0035676683{\&}partnerID=tZOtx3y1},
volume = {8},
year = {2001}
}

@article{lecomte2013,
author = {Lecomte, J. B. and Beno{\^{\i}}t, H. P. and Etienne, M. P. and Bel, L. and Parent, E.},
doi = {10.1016/j.ecolmodel.2013.06.017},
file = {:C$\backslash$:/Users/sibandno/AppData/Local/Mendeley Ltd./Mendeley Desktop/Downloaded/Lecomte et al. - 2013 - Modeling the habitat associations and spatial distribution of benthic macroinvertebrates A hierarchical Bayesian.pdf:pdf},
issn = {03043800},
journal = {Ecological Modelling},
keywords = {Bayesian hierarchical modeling,Habitat associations,Macro-invertebrates,Spatial dependencies,Zero-inflated data},
pages = {74--84},
publisher = {Elsevier B.V.},
title = {{Modeling the habitat associations and spatial distribution of benthic macroinvertebrates: A hierarchical Bayesian model for zero-inflated biomass data}},
url = {http://dx.doi.org/10.1016/j.ecolmodel.2013.06.017},
volume = {265},
year = {2013}
}

@article{lecomte2013a,
author = {Lecomte, Jean Baptiste and Beno{\^{\i}}t, Hugues P. and Ancelet, Sophie and Etienne, Marie Pierre and Bel, Liliane and Parent, Eric},
doi = {10.1111/2041-210X.12122},
file = {:C$\backslash$:/Users/sibandno/AppData/Local/Mendeley Ltd./Mendeley Desktop/Downloaded/Lecomte et al. - 2013 - Compound Poisson-gamma vs. delta-gamma to handle zero-inflated continuous data under a variable sampling volume.pdf:pdf},
issn = {2041210X},
journal = {Methods in Ecology and Evolution},
keywords = {Commercial fishery catches,Compound Poisson,Estimation of biomass,Sampling variability,Two-part model},
number = {12},
pages = {1159--1166},
title = {{Compound Poisson-gamma vs. delta-gamma to handle zero-inflated continuous data under a variable sampling volume}},
volume = {4},
year = {2013}
}

@article{nevalainen2013,
author = {Nevalainen, Liisa and Luoto, Tomi P. and Kultti, Seija and Sarmaja-Korjonen, Kaarina},
doi = {10.1111/jbi.12101},
file = {:W$\backslash$:/Documents/Research/Conferences/SPAT2015/SpatialStatisticsSpecialIssue/Nevalainen{\_}et{\_}al-2013-Journal{\_}of{\_}Biogeography.pdf:pdf},
issn = {03050270},
journal = {Journal of Biogeography},
keywords = {Cladocera,Climate change,Finland,Holocene,Lake Arapisto,Lake sediments,Palaeoclimate indicators,Palaeoecological methods,Scandinavia,Species distribution},
pages = {1548--1559},
title = {{Spatio-temporal distribution of sedimentary Cladocera (Crustacea: Branchiopoda) in relation to climate}},
volume = {40},
year = {2013}
}

@article{nielsen2014,
author = {Nielsen, J. Rasmus and Kristensen, Kasper and Lewy, Peter and Bastardie, Francois},
doi = {10.1371/journal.pone.0099151},
file = {:W$\backslash$:/Documents/Research/Conferences/SPAT2015/SpatialStatisticsSpecialIssue/Nielsen{\_}EstimationFishDensity.pdf:pdf},
issn = {1932-6203},
journal = {PLoS ONE},
number = {6},
pages = {e99151},
title = {{A Statistical Model for Estimation of Fish Density Including Correlation in Size, Space, Time and between Species from Research Survey Data}},
url = {http://dx.plos.org/10.1371/journal.pone.0099151},
volume = {9},
year = {2014}
}

@article{prates2015,
author = {Prates, Marcos O. and Dey, Dipak K. and Willig, Michael R. and Yan, Jun},
doi = {10.1016/j.spasta.2015.07.004},
issn = {22116753},
journal = {Spatial Statistics},
keywords = {Bayesian inference,Beta field,Gamma field,Gaussian copula,Generalized linear mixed model},
month = {jul},
publisher = {Elsevier},
title = {{Transformed Gaussian Markov random fields and spatial modeling of species abundance}},
url = {http://www.scopus.com/inward/record.url?eid=2-s2.0-84938718287{\&}partnerID=tZOtx3y1},
year = {2015}
}

@article{prates2012,
archivePrefix = {arXiv},
arxivId = {1205.5467},
author = {Prates, Marcos O. and Dey, Dipak K. and Willig, Michael R. and Yan, Jun},
eprint = {1205.5467},
file = {:W$\backslash$:/Documents/Research/Conferences/SPAT2015/SpatialStatisticsSpecialIssue/Prates2015SpatialStatistics{\_}TransformedGMRFSpatialModeling.pdf:pdf},
title = {{Transformed Gaussian Markov Random Fields and Spatial Modeling}},
url = {http://arxiv.org/abs/1205.5467},
year = {2012}
}

@article{scarnati2009,
author = {Scarnati, L. and Attorre, F. and Farcomeni, A. and Francesconi, F. and Sanctis, M.},
doi = {10.1556/ComEc.10.2009.2.12},
issn = {1585-8553},
journal = {Community Ecology},
keywords = {Gaussian processes with radial basis kernel functi,Ilex aquifolium,Multivariate adaptive regression splines,Potential areas,Quercus suber,Random forest,Regression tree analysis,Spatial modelling,Support vector regression,Taxus baccata},
month = {dec},
number = {2},
pages = {215--224},
title = {{Modelling the spatial distribution of tree species with fragmented populations from abundance data}},
url = {http://www.scopus.com/inward/record.url?eid=2-s2.0-73649126865{\&}partnerID=tZOtx3y1},
volume = {10},
year = {2009}
}

@article{shono2008,
author = {Shono, Hiroshi},
doi = {10.1016/j.fishres.2008.03.006},
file = {:W$\backslash$:/Documents/Research/Conferences/SPAT2015/SpatialStatisticsSpecialIssue/Shono2008{\_}TweedieDist.pdf:pdf},
issn = {01657836},
journal = {Fisheries Research},
number = {1-2},
pages = {154--162},
title = {{Application of the Tweedie distribution to zero-catch data in CPUE analysis}},
url = {http://linkinghub.elsevier.com/retrieve/pii/S0165783608000945},
volume = {93},
year = {2008}
}

@article{stasch2014,
author = {Stasch, Christoph and Scheider, Simon and Pebesma, Edzer and Kuhn, Werner},
doi = {10.1016/j.envsoft.2013.09.006},
file = {:C$\backslash$:/Users/sibandno/AppData/Local/Mendeley Ltd./Mendeley Desktop/Downloaded/Stasch et al. - 2014 - Environmental Modelling {\&} Software Meaningful spatial prediction and aggregation.pdf:pdf},
issn = {1364-8152},
journal = {Environmental Modelling and Software},
keywords = {Knowledge-based environmental modelling,Meaningfulness,Spatial Statistics,Spatial prediction,Spatiotemporal aggregation},
pages = {149--165},
publisher = {Elsevier Ltd},
title = {{Environmental Modelling {\&} Software Meaningful spatial prediction and aggregation}},
url = {http://dx.doi.org/10.1016/j.envsoft.2013.09.006},
volume = {51},
year = {2014}
}

@article{vandenberghe2010,
author = {Vandenberghe, S. and Verhoest, N. E. C. and {De Baets}, B.},
doi = {10.1029/2009WR007857},
file = {:W$\backslash$:/Documents/Research/Conferences/SPAT2015/SpatialStatisticsSpecialIssue/Vandenberghe{\_}et{\_}al-2010-Water{\_}Resources{\_}Research.pdf:pdf},
issn = {00431397},
journal = {Water Resources Research},
keywords = {doi:10.102,http://dx.doi.org/10.1029/2009WR007857},
number = {1},
pages = {n/a--n/a},
title = {{Fitting bivariate copulas to the dependence structure between storm characteristics: A detailed analysis, based on 105 year 10 min rainfall}},
url = {http://doi.wiley.com/10.1029/2009WR007857},
volume = {46},
year = {2010}
}

@article{parmesan1996,
author = {Parmesan, Camille},
file = {:W$\backslash$:/Documents/Research/Conferences/SPAT2015/SpatialStatisticsSpecialIssue/Parmesan1996-Nature{\_}ClimateSpeciesRange.pdf:pdf},
journal = {Nature},
pages = {765--766},
title = {{Parmesan1996-Nature{\_}ClimateSpeciesRange.pdf}},
volume = {382},
year = {1996}
}

@article{lynch2012,
Author = {Lynch, Patrick D. and Shertzer, Kyle W. and Latour, Robert J.},
Title = {{Performance of methods used to estimate indices of abundance for highly
   migratory species}},
Journal = {{FISHERIES RESEARCH}},
Year = {{2012}},
Volume = {{125}},
Pages = {{27-39}},
Month = {{AUG}},
DOI = {{10.1016/j.fishres.2012.02.005}},
ISSN = {{0165-7836}},
Unique-ID = {{ISI:000304849100004}},
}

@article{tascheri2010,
Author = {Tascheri, R. and Saavedra-Nievas, J. C. and Roa-Ureta, R.},
Title = {{Statistical models to standardize catch rates in the multi-species trawl
   fishery for Patagonian grenadier (Macruronus magellanicus) off Southern
   Chile}},
Journal = {{FISHERIES RESEARCH}},
Year = {{2010}},
Volume = {{105}},
Number = {{3}},
Pages = {{200-214}},
Month = {{AUG-SEP}},
DOI = {{10.1016/j.fishres.2010.05.010}},
ISSN = {{0165-7836}},
Unique-ID = {{ISI:000281181500010}},
}


@article{stefansson1996,
Author = {Stefansson, G},
Title = {{Analysis of groundfish survey abundance data: Combining the GLM and
   delta approaches}},
Journal = {{ICES JOURNAL OF MARINE SCIENCE}},
Year = {{1996}},
Volume = {{53}},
Number = {{3}},
Pages = {{577-588}},
Month = {{JUN}},
DOI = {{10.1006/jmsc.1996.0079}},
ISSN = {{1054-3139}},
ResearcherID-Numbers = {{Stefansson, Gunnar/A-2209-2008}},
ORCID-Numbers = {{Stefansson, Gunnar/0000-0002-2693-9142}},
Unique-ID = {{ISI:A1996UP95400003}},
}


@article{latimer2006,
author = {Latimer, Andrew M and Wu, Shanshan and Gelfand, Alan E and Silander, John a},
doi = {10.1890/04-0609},
file = {:W$\backslash$:/Documents/Research/Conferences/SPAT2015/SpatialStatisticsSpecialIssue/Latimer2006{\_}EcologicalApplications{\_}BuildingStatisticalModelsSpeciesDistributions.pdf:pdf},
isbn = {1051-0761},
issn = {1051-0761},
journal = {Ecological applications : a publication of the Ecological Society of America},
keywords = {Bayes Theorem,Computational Biology,Computational Biology: methods,Computer Simulation,Data Interpretation, Statistical,Ecology,Ecology: methods,Ecology: statistics {\&} numerical data,Ecosystem,Empirical Research,Environmental Monitoring,Genetics, Population,Humans,Models, Statistical,Population Dynamics,Probability,Proteaceae,Proteaceae: genetics,Proteaceae: physiology,Regression Analysis,South Africa},
number = {1},
pages = {33--50},
pmid = {16705959},
title = {{Building statistical models to analyze species distributions.}},
url = {http://www.ncbi.nlm.nih.gov/pubmed/16705959},
volume = {16},
year = {2006}
}

@article{martin2005,
author = {Martin, Tara G. and Wintle, Brendan A. and Rhodes, Jonathan R. and Kuhnert, Petra M. and Field, Scott A. and Low-Choy, Samantha J. and Tyre, Andrew J. and Possingham, Hugh P.},
doi = {10.1111/j.1461-0248.2005.00826.x},
file = {:W$\backslash$:/Documents/Research/Conferences/SPAT2015/SpatialStatisticsSpecialIssue/Martin2005{\_}EcologyLetters{\_}ZeroToleranceEcology.pdf:pdf},
issn = {1461023X},
journal = {Ecology Letters},
keywords = {1235,1246,2005,8,bayesian inference,detectability,ecology letters,error,excess zeros,false negative,mixture model,observation,sampling error,zero inflation,zero-inflated binomial,zero-inflated poisson},
number = {11},
pages = {1235--1246},
title = {{Zero tolerance ecology: improving ecological inference by modelling the source of zero observations}},
url = {http://doi.wiley.com/10.1111/j.1461-0248.2005.00826.x},
volume = {8},
year = {2005}
}

@article{lambert1992,
author = {Lambert, D},
file = {:W$\backslash$:/Documents/Research/Conferences/SPAT2015/SpatialStatisticsSpecialIssue/Lambert1992{\_}Technometrics{\_}ZeroInflatedPoissonRegression.pdf:pdf},
issn = {0040-1706},
journal = {Technometrics},
keywords = {EM ALGORITHM; NEGATIVE BINOMIAL; OVERDISPERSION; P},
number = {1},
pages = {1--14},
title = {{Zero-Inflated Poisson Regression, With an Application To Defects in Manufacturing}},
url = {File Attachments},
volume = {34},
year = {1992}
}
@article{mackenzie2002,
doi = {10.1890/0012-9658(2002)083[2248:ESORWD]2.0.CO;2},
file = {:W$\backslash$:/Documents/Research/Conferences/SPAT2015/SpatialStatisticsSpecialIssue/MacKenzie2002{\_}Ecology{\_}EstimatingSiteOccupancyRates.pdf:pdf},
isbn = {10510761},
issn = {00129658},
journal = {Ecology},
keywords = {Anurans,Bootstrap,Bufo americanus,Detection probability,Maximum likelihood,Metapopulation,Monitoring,Patch occupancy,Pseudacris crucifer,Site occupancy,anurans,bootstrap,bufo americanus,detection probability,maximum likelihood,metapopulation,monitoring,patch occupancy,pseudacris crucifer,site occupancy},
number = {8},
pages = {2248--2255},
pmid = {438},
title = {{Estimating site occupancy rates when detection probabilities are less than one}},
volume = {83},
year = {2002}
}


@article{Lo1992,
author = {Lo, N. Chyan-huei and Jacobson, Larry D. and Squire, James L.},
doi = {10.1139/f92-278},
file = {:W$\backslash$:/Documents/Research/Conferences/SPAT2015/SpatialStatisticsSpecialIssue/Lo1992CanJFishAquatSci{\_}IndicesRelativeAbundanceDeltaLogNormal.pdf:pdf},
isbn = {0706-652X},
issn = {0706-652X},
journal = {Canadian Journal of Fisheries and Aquatic Sciences},
number = {12},
pages = {2515--2526},
title = {{Indices of Relative Abundance from Fish Spotter Data based on Delta-Lognornial Models}},
volume = {49},
year = {1992}
}


@book{nelsen2007,
	title={An introduction to copulas},
	author={Nelsen, Roger B},
	year={2007},
	publisher={Springer Science \& Business Media}
}


@article{cope2011,
				author={Cope, J.M. and Punt, A.E.},
				title={Reconciling stock assessment and management scales under conditions of spatially varying catch histories},
				year={2011},
				journal={Fisheries Research},
				volume={107},
				pages={22--38},
				}
				
				@article{ying2011,
			author={Ying, Y. and Chen, Y. and Lin, L. and Gao, T.},
			title={Risks of ignoring fish population spatial structure in fisheries management},
			journal={Canadian Journal of Fisheries and Aquatic Science},
			year={2011},
			volume={68},
			pages={2101--2120},
			}
			
			@article{botsford2009,
			author={Botsford, L.W. and Brumbaugh, D.R. and Grimes, C. and others},
			title={Connectivity, sustainability, and yield: bridging the gap between conventional fisheries management and marine protected areas.},
			year= {2009},
			journal={Rev. Fish Biology},
			volume={19},
			issue={1},
			pages={69--95},
		}
		
		@article{su2012,
		author = {Su, N.j. and Sun, C.L. and Punt, A.E. and Yeh, S.Z. and Dinardo, G.},
		title ={Incorporating habitat preference into the stock assessment and management of blue marlin (\textit{Makaira nigricans}) in the Pacific Ocean},
		year={2012},
		journal={Marine Freshwater Research},
		volume= {63},
		issue={7},
		pages ={565--575},
		}